<?xml version="1.0" encoding="UTF-8"?><collection xmlns="http://www.loc.gov/MARC21/slim"><record><leader>00592nam--2200169-i-4500</leader><controlfield tag="001">000047969</controlfield><controlfield tag="002">20161230</controlfield><controlfield tag="005">20161230201046</controlfield><controlfield tag="008">060222s1000------------r-----000-0-eng-d</controlfield><datafield ind1=" " ind2=" " tag="040"><subfield code="a">IFIN-HH</subfield></datafield><datafield ind1=" " ind2=" " tag="080"><subfield code="a">539.171</subfield></datafield><datafield ind1="1" ind2=" " tag="100"><subfield code="a">Kelly, Robert Lincoln</subfield></datafield><datafield ind1="1" ind2="0" tag="245"><subfield code="a">I. intensity correlations in inelastic scattering experiments. ii. quantum beat and level crossing experiments utilizing electronics. excitation</subfield><subfield code="b">Dissertation</subfield><subfield code="c">Robert lincoln kelly</subfield></datafield><datafield ind1=" " ind2=" " tag="260"><subfield code="a">Ann Arbor, Michigan</subfield><subfield code="b">University Microfilms, Inc</subfield><subfield code="c">1966</subfield></datafield><datafield ind1=" " ind2=" " tag="300"><subfield code="a">V+76P</subfield></datafield><datafield ind1=" " ind2=" " tag="852"><subfield code="a">28246</subfield><subfield code="c">539.17</subfield></datafield><datafield ind1=" " ind2=" " tag="CAT"><subfield code="a">Sys</subfield><subfield code="c">20120601</subfield><subfield code="h">135406</subfield></datafield></record></collection>